<record xmlns="http://www.loc.gov/MARC21/slim" xmlns:xsi="http://www.w3.org/2001/XMLSchema-instance" xsi:schemaLocation="http://www.loc.gov/MARC21/slim http://www.loc.gov/standards/marcxml/schema/MARC21slim.xsd"><leader>02070nam a2200457   4500</leader><controlfield tag="001">4416690</controlfield><controlfield tag="003">NIC</controlfield><controlfield tag="006">m        d        </controlfield><controlfield tag="007">cr cn |||m|||a</controlfield><controlfield tag="008">150222s1977    ua a    o     000 f ara d</controlfield><datafield ind1=" " ind2=" " tag="020"><subfield code="z">9773162265</subfield></datafield><datafield ind1=" " ind2=" " tag="020"><subfield code="z">9789773162269</subfield></datafield><datafield ind1=" " ind2=" " tag="040"><subfield code="a">NNU</subfield><subfield code="b">eng</subfield><subfield code="e">rda</subfield><subfield code="c">NNU</subfield></datafield><datafield ind1=" " ind2="4" tag="050"><subfield code="a">PJ7804.A5</subfield><subfield code="b">S53 1977</subfield></datafield><datafield ind1="0" ind2="4" tag="082"><subfield code="a">892.7/36</subfield><subfield code="2">22</subfield></datafield><datafield ind1="1" ind2=" " tag="100"><subfield code="6">880-01</subfield><subfield code="a">&#699;Abd Alla&#772;h, Muh&#803;ammad &#699;Abd al-H&#803;ali&#772;m.</subfield></datafield><datafield ind1="1" ind2="0" tag="245"><subfield code="6">880-02</subfield><subfield code="a">Shajarat al-lubla&#772;b /</subfield><subfield code="c">ta&#700;li&#772;f Muh&#803;ammad &#699;Abd al-H&#803;ali&#772;m &#699;Abd Alla&#772;h.</subfield></datafield><datafield ind1=" " ind2=" " tag="260"><subfield code="6">880-03</subfield><subfield code="a">[Cairo] :</subfield><subfield code="b">Maktabat Mis&#803;r,</subfield><subfield code="c">[1977]</subfield></datafield><datafield ind1=" " ind2=" " tag="300"><subfield code="6">880-04</subfield><subfield code="a">online resource (183 pages) :</subfield><subfield code="b">illustrations</subfield></datafield><datafield ind1=" " ind2=" " tag="336"><subfield code="a">text</subfield><subfield code="2">rdacontent</subfield></datafield><datafield ind1=" " ind2=" " tag="337"><subfield code="a">computer</subfield><subfield code="2">rdamedia</subfield></datafield><datafield ind1=" " ind2=" " tag="338"><subfield code="a">online resource</subfield><subfield code="2">rdacarrier</subfield></datafield><datafield ind1="1" ind2=" " tag="490"><subfield code="6">880-05</subfield><subfield code="a">Mat&#803;bu&#772;&#699;a&#772;t Maktabat Mis&#803;r</subfield></datafield><datafield ind1=" " ind2=" " tag="500"><subfield code="6">880-06</subfield><subfield code="a">Modern Arabic novel.</subfield></datafield><datafield ind1=" " ind2=" " tag="500"><subfield code="a">Part of the Arabic Collections Online (ACO) project, contributed by Cornell University Libraries.</subfield></datafield><datafield ind1=" " ind2=" " tag="533"><subfield code="a">Electronic reproduction.</subfield><subfield code="b">New York, N.Y. :</subfield><subfield code="c">New York University,</subfield><subfield code="d">2015.</subfield><subfield code="5">NNU</subfield></datafield><datafield ind1=" " ind2="7" tag="655"><subfield code="a">Love stories.</subfield><subfield code="2">gsafd</subfield></datafield><datafield ind1="2" ind2=" " tag="710"><subfield code="a">Cornell University.</subfield><subfield code="b">Libraries.</subfield></datafield><datafield ind1="0" ind2=" " tag="730"><subfield code="a">Arabic Collections Online.</subfield></datafield><datafield ind1="0" ind2="8" tag="776"><subfield code="i">Print version:</subfield><subfield code="a">&#699;Abd Alla&#772;h, Muh&#803;ammad &#699;Abd al-H&#803;ali&#772;m.</subfield><subfield code="t">Shajarat al-lubla&#772;b</subfield><subfield code="w">(NIC)4416690</subfield><subfield code="w">(OCoLC)31100521</subfield><subfield code="z">9773162265</subfield><subfield code="z">9789773162269</subfield></datafield><datafield ind1=" " ind2="0" tag="830"><subfield code="6">880-07</subfield><subfield code="a">Mat&#803;bu&#772;&#699;a&#772;t Maktabat Mis&#803;r.</subfield></datafield><datafield ind1="4" ind2="0" tag="856"><subfield code="u">http://hdl.handle.net/2333.1/n2z34wwf</subfield></datafield><datafield ind1="1" ind2=" " tag="880"><subfield code="6">100-01/r</subfield><subfield code="a">&#1593;&#1576;&#1583; &#1575;&#1604;&#1604;&#1607;&#1548; &#1605;&#1581;&#1605;&#1583; &#1593;&#1576;&#1583; &#1575;&#1604;&#1581;&#1604;&#1610;&#1605;.</subfield></datafield><datafield ind1="1" ind2="0" tag="880"><subfield code="6">245-02/r</subfield><subfield code="a">&#1588;&#1580;&#1585;&#1577; &#1575;&#1604;&#1604;&#1576;&#1604;&#1575;&#1576; /</subfield><subfield code="c">&#1578;&#1571;&#1604;&#1610;&#1601; &#1605;&#1581;&#1605;&#1583; &#1593;&#1576;&#1583; &#1575;&#1604;&#1581;&#1604;&#1610;&#1605; &#1593;&#1576;&#1583; &#1575;&#1604;&#1604;&#1607;.</subfield></datafield><datafield ind1=" " ind2=" " tag="880"><subfield code="6">260-03/r</subfield><subfield code="a">[&#1575;&#1604;&#1602;&#1575;&#1607;&#1585;&#1577;] :</subfield><subfield code="b">&#1605;&#1603;&#1578;&#1576;&#1577; &#1605;&#1589;&#1585;&#1548;</subfield><subfield code="c">[1977]</subfield></datafield><datafield ind1=" " ind2=" " tag="880"><subfield code="6">300-04/r</subfield><subfield code="a">183 &#1589;. :</subfield><subfield code="b">&#1575;&#1610;&#1590;. &#1563;</subfield><subfield code="c">20 &#1587;&#1605;.</subfield></datafield><datafield ind1="1" ind2=" " tag="880"><subfield code="6">490-05/r</subfield><subfield code="a">&#1605;&#1591;&#1576;&#1608;&#1593;&#1575;&#1578; &#1605;&#1603;&#1578;&#1576;&#1577; &#1605;&#1589;&#1585;</subfield></datafield><datafield ind1=" " ind2=" " tag="880"><subfield code="6">500-06/r</subfield><subfield code="a">&#1585;&#1608;&#1575;&#1610;&#1577; &#1593;&#1585;&#1576;&#1610;&#1577; &#1581;&#1583;&#1610;&#1579;&#1577;.</subfield></datafield><datafield ind1=" " ind2="0" tag="880"><subfield code="6">830-07/r</subfield><subfield code="a">&#1605;&#1591;&#1576;&#1608;&#1593;&#1575;&#1578; &#1605;&#1603;&#1578;&#1576;&#1577; &#1605;&#1589;&#1585;.</subfield></datafield><datafield ind1=" " ind2=" " tag="959"><subfield code="a">NNU</subfield><subfield code="b">WEB</subfield><subfield code="c">GENI</subfield><subfield code="t">0</subfield><subfield code="m">Electronic access</subfield><subfield code="s">01</subfield></datafield><datafield ind1=" " ind2=" " tag="999"><subfield code="i">NIC_4416690</subfield><subfield code="o">(OCoLC)ocm31100521 </subfield><subfield code="s">cornell_aco000179</subfield></datafield></record>